@book{texbook,
  author = {Donald E. Knuth},
  year = {1986},
  title = {The {\TeX} Book},
  publisher = {Addison-Wesley Professional}
}

% Книга про роботов
@book{kolubin2017,
  author = {C. А. Колюбин},
  year = {2017},
  title = {Динамика робототехнических систем},
  address = {Санкт-Петербург},
  publisher = {Редакционно-издательский отдел Университета ИТМО}
}

% Теормех: твердое тело, теорема Кенинга и т.д.
@book{zhuravlev2001,
  author         = {В. Ф. Журавлёв},
  publisher      = {М:~Физматлит},
  title          = {Основы теоретической механики},
  year           = {2001}
}

% Статья, где показано, что энергетические затраты решающие при выборе
% паттерна движения
@article{todorov2002,
  author = {E. Todorov, M. Jordan},
  title = {Optimal feedback control as a theory of motor coordination},
  journal = {Nature Neuroscience},
  year = {2002},
  volume = {5},
  number = {11},
  pages = {1226-1235}
}

% Энергетические затраты -- это рывок схвата
@article{hogan1984,
  author          = {N. Hogan},
  journal         = {Journal of Neuroscience},
  number          = {11},
  title           = {An organizing principle for a class of voluntary movement},
  volume          = {4},
  pages           = {2745-2754},
  year            = {1984}
}

% Энергетические затраты -- это изменение крутящего момента
@article{uno1989,
  author          = {Y. Uno, M. Kawato and R. Suzuki},
  journal         = {Biological Cybernetics},
  volume          = {61},
  number          = {2},
  title           = {Formation and control of optimal trajectory in human multijoint arm movement - minimum torque-change model},
  year            = {1989},
  pages           = {89-101}
}

% Сравнение модели минимального рывка и модели минимального крутящего момента.
% Второй -- чуть лучше
@article{breteler2002,
author = {M. Breteler, R. Meulenbroek and S. Gielen},
year = {2002},
month = {02},
pages = {69-83},
title = {An Evaluation of the Minimum-Jerk and Minimum Torque-Change Principles at the Path, Trajectory, and Movement-Cost Levels},
volume = {6},
journal = {Motor control}
}

% Энергетические затраты надо брать с задержкой на подумать по результатам того, что человек увидел
@article{harris1998,
  author          = {C. M. Harris and D. M. Wolpert},
  journal         = {Nature},
  title           = {Signal-dependent noise determines motor planning},
  volume          = {394},
  month           = {August},
  year            = {1998}
}

% Достаточные условия существования и единственности задачи Коши
@book{filippov1985,
  author         = {А. Ф. Филиппов},
  publisher      = {М:~Наука},
  title          = {Дифференциальные уравнения с разрывной правой частью},
  address        = {Москва},
  year           = {1985}
}

% iLQR почему-то SLQ - Sequentional Linear Quadrative
@article{sideris2005,
  author          = {A. Sideris and J. E. Bobrow},
  journal         = {Transactions on Automatic Control},
  number          = {12},
  title           = {An efficient sequential linear quadratic algorithm for solving nonlinear optimal control problems},
  volume          = {50},
  year            = {2005},
  pages           = {2043–2047}
}

% Метод расширенного лангранжиана
@book{birgin2009,
  author         = {Birgin, Ernesto G. and Martínez, J. M.},
  publisher      = {Springer US},
  title          = {Practical augmented Lagrangian methods},
  year           = {2009},
  address        = {Boston, MA},
  pages          = {3013--3023}
}

% Метод ДДП второго порядка
@article{mayne1966,
  author          = {D. Mayne},
  journal         = {International Journal of Control},
  number          = {1},
  title           = {A Second-order Gradient Method for Determining Optimal Trajectories of Non-linear Discrete-time Systems},
  volume          = {3},
  year            = {1966},
  pages           = {85-95},
}

% Метод ДДП и вообще про жизнь
@article{murray1984,
  title={Differential dynamic programming and Newton's method for discrete optimal control problems},
  author={Murray, D. and Yakowitz, S.},
  journal={Journal of Optimization Theory and Applications},
  volume={43},
  number={3},
  pages={395--414},
  year={1984},
  publisher={Kluwer Academic Publishers-Plenum Publishers New York}
}

% iLQR от Тодорова
@inproceedings{li2004,
  title={Iterative linear quadratic regulator design for nonlinear biological movement systems.},
  author={Li, Weiwei and Todorov, Emanuel},
  booktitle={ICINCO (1)},
  pages={222--229},
  year={2004},
  organization={Citeseer}
}

% Сравнение DDP, iLQR и его метода
@inproceedings{manchester2016,
  author={Z. Manchester and S. Kuindersma},
  booktitle={2016 IEEE 55th Conference on Decision and Control (CDC)}, 
  title={Derivative-free trajectory optimization with unscented dynamic programming}, 
  year={2016},
  pages={3642-3647}
}
